@article{Blei:2003:LDA:944919.944937,
 author = {Blei, David M. and Ng, Andrew Y. and Jordan, Michael I.},
 title = {Latent dirichlet allocation},
 journal = {J. Mach. Learn. Res.},
 issue_date = {3/1/2003},
 volume = {3},
 month = mar,
 year = {2003},
 issn = {1532-4435},
 pages = {993--1022},
 numpages = {30},
 url = {http://dl.acm.org/citation.cfm?id=944919.944937},
 acmid = {944937},
 publisher = {JMLR.org},
}
@INPROCEEDINGS{Hofmann99probabilisticlatent,
    author = {Thomas Hofmann},
    title = {Probabilistic Latent Semantic Analysis},
    booktitle = {In Proc. of Uncertainty in Artificial Intelligence, UAI’99},
    year = {1999},
    pages = {289--296},
}
@article{springerlink:10.1023/B:INRT.0000011210.12953.86,
   author = {Makkonen, Juha and Ahonen-Myka, Helena and Salmenkivi, Marko},
   affiliation = {Department of Computer Science University of Helsinki P.O. Box 26 (Teollisuuskatu 23) FIN- 00014 Finland},
   title = {Simple Semantics in Topic Detection and Tracking},
   journal = {Information Retrieval},
   publisher = {Springer Netherlands},
   issn = {1386-4564},
   keyword = {Computer Science},
   pages = {347-368},
   volume = {7},
   issue = {3},
   url = {http://dx.doi.org/10.1023/B:INRT.0000011210.12953.86},
   note = {10.1023/B:INRT.0000011210.12953.86},
   year = {2004},
}
@incollection{springerlink:10.1007,
   author = {Allan, James},
   affiliation = {Center for Intelligent Information Retrieval, Department of Computer Science, University of Massachusetts, 01003 Amherst, MA, USA},
   title = {Introduction to Topic Detection and Tracking},
   booktitle = {Topic Detection and Tracking},
   series = {The Information Retrieval Series},
   editor = {Allan, James and Croft, W. Bruce},
   publisher = {Springer US},
   isbn = {978-1-4615-0933-2},
   keyword = {Computer Science},
   pages = {1-16},
   volume = {12},
   year = {2002},
}
@inproceedings{Mei:2005:DET:1081870.1081895,
 author = {Mei, Qiaozhu and Zhai, ChengXiang},
 title = {Discovering evolutionary theme patterns from text: an exploration of temporal text mining},
 booktitle = {Proceedings of the eleventh ACM SIGKDD international conference on Knowledge discovery in data mining},
 series = {KDD '05},
 year = {2005},
 isbn = {1-59593-135-X},
 location = {Chicago, Illinois, USA},
 pages = {198--207},
 numpages = {10},
 url = {http://doi.acm.org/10.1145/1081870.1081895},
 doi = {10.1145/1081870.1081895},
 acmid = {1081895},
 publisher = {ACM},
 address = {New York, NY, USA},
 keywords = {clustering, evolutionary theme patterns, temporal text mining, theme threads},
}

@inproceedings{Kim:2011:TCU:1964750.1964765,
 author = {Kim, Dongwoo and Oh, Alice},
 title = {Topic chains for understanding a news corpus},
 booktitle = {Proceedings of the 12th international conference on Computational linguistics and intelligent text processing - Volume Part II},
 series = {CICLing'11},
 year = {2011},
 isbn = {978-3-642-19436-8},
 location = {Tokyo, Japan},
 pages = {163--176},
 numpages = {14},
 url = {http://dl.acm.org/citation.cfm?id=1964750.1964765},
 acmid = {1964765},
 publisher = {Springer-Verlag},
 address = {Berlin, Heidelberg},
}

@inproceedings{shahaf@kdd2010,
 author = {Shahaf, Dafna and Guestrin, Carlos},
 title = {Connecting the dots between news articles},
 booktitle = {Proceedings of the 16th ACM SIGKDD international conference on Knowledge discovery and data mining},
 series = {KDD '10},
 year = {2010},
 isbn = {978-1-4503-0055-1},
 location = {Washington, DC, USA},
 pages = {623--632},
 numpages = {10},
 url = {http://doi.acm.org/10.1145/1835804.1835884},
 doi = {10.1145/1835804.1835884},
 acmid = {1835884},
 publisher = {ACM},
 address = {New York, NY, USA},
 keywords = {coherence, news},
} 

@inproceedings{shahaf@www2012,
 author = {Shahaf, Dafna and Guestrin, Carlos and Horvitz, Eric},
 title = {Trains of thought: generating information maps},
 booktitle = {Proceedings of the 21st international conference on World Wide Web},
 series = {WWW '12},
 year = {2012},
 isbn = {978-1-4503-1229-5},
 location = {Lyon, France},
 pages = {899--908},
 numpages = {10},
 url = {http://doi.acm.org/10.1145/2187836.2187957},
 doi = {10.1145/2187836.2187957},
 acmid = {2187957},
 publisher = {ACM},
 address = {New York, NY, USA},
 keywords = {information, metro maps, summarization},
} 

@INPROCEEDINGS{subasic-icdm:2008, 
author={Suba\v{s}i\'{c}, I. and Berendt, B.}, 
booktitle={Data Mining, 2008. ICDM '08. Eighth IEEE International Conference on}, title={Web Mining for Understanding Stories through Graph Visualisation}, 
year={2008}, 
pages={570-579}, 
keywords={Internet;data mining;data visualisation;graph theory;text analysis;Web mining;graph visualisation;news articles;relational information;Broadcasting;Computer science;Data mining;Data visualization;Information services;Internet;Nominations and elections;Text mining;Web mining;Web sites;temporal text mining;text summarization and visualization;web mining}, 
doi={10.1109/ICDM.2008.138}, 
ISSN={1550-4786},}

﻿@article {MEET:MEET14504801078,
author = {Vydiswaran, V.G. Vinod and van den Eijkhof, Jeroen and Chandrasekar, Raman and Paradiso, Ann and St. George, Jim},
title = {News Sync: Enabling scenario-based news exploration},
journal = {Proceedings of the American Society for Information Science and Technology},
volume = {48},
number = {1},
publisher = {Wiley Subscription Services, Inc., A Wiley Company},
issn = {1550-8390},
url = {http://dx.doi.org/10.1002/meet.2011.14504801078},
doi = {10.1002/meet.2011.14504801078},
pages = {1--10},
year = {2011},
}
@techreport{schneider-etaltr10,
    Author = {Nathan Schneider and Rebecca Hwa and Philip Gianfortoni and Dipanjan Das and Michael Heilman and Alan W. Black and Frederick L. Crabbe and Noah Smith},
    Institution = {CMU-LTI-10-013},
    Title = {Visualizing Topical Quotations Over Time to Understand News Discourse},
    Year = {2010}}

@inproceedings{Jancsary:2011:TCO:1961634.1961636,
 author = {Jancsary, Jeremy and Neubarth, Friedrich and Schreitter, Stephanie and Trost, Harald},
 title = {Towards a context-sensitive online newspaper},
 booktitle = {Proceedings of the 2011 Workshop on Context-awareness in Retrieval and Recommendation},
 series = {CaRR '11},
 year = {2011},
 isbn = {978-1-4503-0625-6},
 location = {Palo Alto, California},
 pages = {2--9},
 numpages = {8},
 url = {http://doi.acm.org/10.1145/1961634.1961636},
 doi = {10.1145/1961634.1961636},
 acmid = {1961636},
 publisher = {ACM},
 address = {New York, NY, USA},
 keywords = {context-awareness, online newspaper, user profiling},
} 



@inproceedings{Nallapati:2004:ETW:1031171.1031258,
 author = {Nallapati, Ramesh and Feng, Ao and Peng, Fuchun and Allan, James},
 title = {Event threading within news topics},
 booktitle = {Proceedings of the thirteenth ACM international conference on Information and knowledge management},
 series = {CIKM '04},
 year = {2004},
 isbn = {1-58113-874-1},
 location = {Washington, D.C., USA},
 pages = {446--453},
 numpages = {8},
 url = {http://doi.acm.org/10.1145/1031171.1031258},
 doi = {10.1145/1031171.1031258},
 acmid = {1031258},
 publisher = {ACM},
 address = {New York, NY, USA},
 keywords = {clustering, dependency, event, threading},
} 

@inproceedings{Franz:2001:USC:383952.384013,
 author = {Franz, Martin and Ward, Todd and McCarley, J. Scott and Zhu, Wei-Jing},
 title = {Unsupervised and supervised clustering for topic tracking},
 booktitle = {Proceedings of the 24th annual international ACM SIGIR conference on Research and development in information retrieval},
 series = {SIGIR '01},
 year = {2001},
 isbn = {1-58113-331-6},
 location = {New Orleans, Louisiana, USA},
 pages = {310--317},
 numpages = {8},
 url = {http://doi.acm.org/10.1145/383952.384013},
 doi = {10.1145/383952.384013},
 acmid = {384013},
 publisher = {ACM},
 address = {New York, NY, USA},
} 

@article{Barzilay:2002:ISS:1622810.1622812,
 author = {Barzilay, Regina and Elhadad, Noemie and McKeown, Kathleen R.},
 title = {Inferring strategies for sentence ordering in multidocument news summarization},
 journal = {J. Artif. Int. Res.},
 issue_date = {July 2002},
 volume = {17},
 number = {1},
 month = aug,
 year = {2002},
 issn = {1076-9757},
 pages = {35--55},
 numpages = {21},
 url = {http://dl.acm.org/citation.cfm?id=1622810.1622812},
 acmid = {1622812},
 publisher = {AI Access Foundation},
 address = {USA},
} 
%SOME ERROR ON THIS REFERENCE
@incollection{choudhary@ecir2008,
  year={2008},
  isbn={978-3-540-78645-0},
  booktitle={Advances in Information Retrieval},
  volume={4956},
  series={Lecture Notes in Computer Science},
  editor={Macdonald, Craig and Ounis, Iadh and Plachouras, Vassilis and Ruthven, Ian and White, RyenW.},
  doi={10.1007/978-3-540-78646-7_39},
  title={Towards Characterization of Actor Evolution and Interactions in News Corpora},
  url={http://dx.doi.org/10.1007/978-3-540-78646-7_39},
  publisher={Springer Berlin Heidelberg},
  author={Choudhary, Rohan and Mehta, Sameep and Bagchi, Amitabha and Balakrishnan, Rahul},
  pages={422-429}
}

@MISC{Choudhary07aframework,
    author = {Rohan Choudhary and Sameep Mehta and Amitabha Bagchi and Rahul Balakrishnan},
    title = {A Framework for Exploration of News Corpora by Actor Evolution and Interaction},
    year = {2007},
}
@book{Allan:2002:TDT:772260,
 editor = {Allan, James},
 title = {Topic detection and tracking: event-based information organization},
 year = {2002},
 isbn = {0-7923-7664-1},
 publisher = {Kluwer Academic Publishers},
 address = {Norwell, MA, USA},
} 
@phdthesis{Dongen00a,
  added-at = {2009-08-21T18:02:30.000+0200},
  address = {Utrecht},
  author = {van Dongen, Stijn},
  biburl = {http://www.bibsonomy.org/bibtex/282b0c08517e642a5822b831508225133/jfmaas},
  interhash = {ca6f6746913ce2336e48391265860907},
  intrahash = {82b0c08517e642a5822b831508225133},
  keywords = {imported},
  month = May,
  note = {http://www.library.uu.nl/digiarchief/dip/diss/1895620/inhoud.htm},
  school = {University of Utrecht},
  timestamp = {2009-08-21T18:02:30.000+0200},
  title = {Graph Clustering by Flow Simulation},
  year = 2000
}

@Article{subasic-ida:2013,
  author = 	 {I. Suba\v{s}i\'{c} and B. Berendt},
  title = 	 {Story graphs: Tracking document set evolution using dynamic graphs},
  journal = 	 {Intell. Data Anal},
  year = 	 2013,
  volume = 	 17,
  number = 	 1,
  pages = 	 {125-147}
}
}
